<record><leader>00000cas a22000007a 4500</leader><controlfield tag="001">16619432</controlfield><controlfield tag="008">870831d19291933ohudn ne      0    0eng d</controlfield><datafield ind1=" " ind2=" " tag="010"><subfield code="a">sn 87076585 </subfield></datafield><datafield ind1=" " ind2=" " tag="040"><subfield code="a">ONP</subfield><subfield code="b">eng</subfield><subfield code="c">ONP</subfield><subfield code="d">OCLCQ</subfield></datafield><datafield ind1=" " ind2=" " tag="042"><subfield code="a">msc</subfield></datafield><datafield ind1="0" ind2=" " tag="130"><subfield code="a">Lima morning star and Republican-gazette (Lima, Ohio : 1929)</subfield></datafield><datafield ind1="1" ind2="4" tag="245"><subfield code="a">The Lima morning star and Republican-gazette.</subfield></datafield><datafield ind1=" " ind2=" " tag="260"><subfield code="a">Lima, Ohio :</subfield><subfield code="b">W.J. Galvin</subfield></datafield><datafield ind1=" " ind2=" " tag="310"><subfield code="a">Daily (except Sun.)</subfield></datafield><datafield ind1="1" ind2=" " tag="362"><subfield code="a">Began in June 1929? Ceased with Mar. 4, 1933 issue.</subfield></datafield><datafield ind1=" " ind2=" " tag="588"><subfield code="a">Description based on: 75th year (July 2, 1929).</subfield></datafield><datafield ind1=" " ind2=" " tag="752"><subfield code="a">United States</subfield><subfield code="b">Ohio</subfield><subfield code="c">Allen</subfield><subfield code="d">Lima.</subfield></datafield><datafield ind1="0" ind2="0" tag="780"><subfield code="a">Lima star and Republican-gazette</subfield><subfield code="w">(DLC)sn 87076584</subfield></datafield></record>